<?xml version="1.0" encoding="UTF-8"?><collection xmlns="http://www.loc.gov/MARC21/slim"><record><leader>00356nam--2200133-i-4500</leader><controlfield tag="001">000029783</controlfield><controlfield tag="002">20161230</controlfield><controlfield tag="005">20161230201037</controlfield><controlfield tag="008">060222s1000------------r-----000-0-eng-d</controlfield><datafield ind1=" " ind2=" " tag="080"><subfield code="a">530.145</subfield></datafield><datafield ind1=" " ind2=" " tag="100"><subfield code="a">Lovelace, C</subfield></datafield><datafield ind1=" " ind2=" " tag="245"><subfield code="a">Anomalous dimensions and fixed regge cuts</subfield></datafield><datafield ind1=" " ind2=" " tag="260"><subfield code="a">New Brunswick, New Jersey, Department Of Physics, 1974, 9p</subfield></datafield><datafield ind1=" " ind2=" " tag="852"><subfield code="a">43171</subfield></datafield></record></collection>